<record xmlns="http://www.loc.gov/MARC21/slim" xmlns:xsi="http://www.w3.org/2001/XMLSchema-instance" xsi:schemaLocation="http://www.loc.gov/MARC21/slim http://www.loc.gov/standards/marcxml/schema/MARC21slim.xsd">

  <leader>01946nab a22001817a 4500</leader>
  <controlfield tag="005">20160331141252.0</controlfield>
  <controlfield tag="008">160119b2008    cr f|||| |||| 00| 0 spa d</controlfield>
  <datafield tag="090" ind2=" " ind1=" ">
    <subfield code="a">REVIS 06.02.01</subfield>
  </datafield>
  <datafield ind2=" " ind1="1" tag="100">
    <subfield code="9">1283</subfield>
    <subfield code="a">Arroyo Venegas, Isabel Cristina</subfield>
  </datafield>
  <datafield ind1="1" ind2="3" tag="245">
    <subfield code="a">El vínculo externo remunerado de la Universidad de Costa Rica como medio para incrementar el aporte institucional a la sociedad /</subfield>
    <subfield code="c">Isabel Cristina Arroyo Venegas, Liana Penabad Camacho</subfield>
  </datafield>
  <datafield tag="260" ind1=" " ind2=" ">
    <subfield code="a">San José, Costa Rica : </subfield>
    <subfield code="b">Editorial Universidad de Costa Rica,</subfield>
    <subfield code="c">2008</subfield>
  </datafield>
  <datafield ind1=" " ind2=" " tag="300">
    <subfield code="a">páginas 39-55</subfield>
  </datafield>
  <datafield tag="520" ind2=" " ind1=" ">
    <subfield code="a">Las actividades del Vínculo Externo Remunerado (VER) que ofrece la Universidad de Costa Rica han experimentado un gran impulso y un fuerte crecimiento en la última década y han generado, cada vez más, un mayor impacto en su gestión estratégica y en el aporte que hace la Institución a los distintos sectores de la sociedad. Si bien existen importantes avances en la gestión del VER-UCR, aún persisten algunas debilidades y limitaciones que llaman a la reflexión  y a la decisión de plantear y ejecutar algunos ajustes, cambios e innovaciones que faciliten y promuevan el fortalecimiento en ese ámbito de acción del quehacer universitario para finalmente lograr la consecución de la misión institucional. En congruencia con lo anterior, en este artículo se presenta una propuesta que busca incrementar el aporte que el VER  le genera a la sociedad y al desarrollo de la gestión universitaria , la ideas y acciones para mejorar y fortalecer el VER-UCR se exponen desde cuatro perspectivas o ámbitos: conceptualización, marco estratégico, acciones a nivel operativo y seguimiento y evalución  de resultados</subfield>
  </datafield>
  <datafield ind1="1" ind2="4" tag="650">
    <subfield code="9">1</subfield>
    <subfield code="a">EDUCACIÓN</subfield>
  </datafield>
  <datafield tag="700" ind1="1" ind2=" ">
    <subfield code="9">1284</subfield>
    <subfield code="a">Penabad Camacho, Liana</subfield>
  </datafield>
  <datafield ind1="0" ind2=" " tag="773">
    <subfield code="d">San José, Costa Rica : Editorial de la Universidad de Costa Rica, 1997-</subfield>
    <subfield code="o">R0310</subfield>
    <subfield code="t">EDUCACIÓN: Revista de la Universidad de Costa Rica</subfield>
    <subfield code="g">Vol.32, no.2 (2008)</subfield>
  </datafield>
  <datafield tag="942" ind1=" " ind2=" ">
    <subfield code="2">z</subfield>
    <subfield code="c">10</subfield>
  </datafield>
  <datafield ind1=" " ind2=" " tag="999">
    <subfield code="c">3017</subfield>
    <subfield code="d">3017</subfield>
  </datafield>
</record>